@article{milionis2022automated,
  title={Automated market making and loss-versus-rebalancing},
  author={Milionis, Jason and Moallemi, Ciamac C and Roughgarden, Tim and Zhang, Anthony Lee},
  journal={arXiv preprint arXiv:2208.06046},
  year={2022}
}